<?xml version="1.0" encoding="UTF-8"?><collection xmlns="http://www.loc.gov/MARC21/slim"><record><leader>00575nam--2200169-i-4500</leader><controlfield tag="001">000011196</controlfield><controlfield tag="002">20161230</controlfield><controlfield tag="005">20161230201029</controlfield><controlfield tag="008">060222s1000------------r-----000-0-eng-d</controlfield><datafield ind1=" " ind2=" " tag="040"><subfield code="a">IFIN-HH</subfield></datafield><datafield ind1=" " ind2=" " tag="080"><subfield code="a">539.143.43(061.3):539.124.143(061.3)</subfield></datafield><datafield ind1="1" ind2=" " tag="100"><subfield code="a">Blinc, R</subfield></datafield><datafield ind1="1" ind2="0" tag="245"><subfield code="a">Pulsed magnetic and optical resonance</subfield><subfield code="b">Pproceedings of the ampere international summer school ii basko polje, 2-13 september 1971</subfield><subfield code="c">R. blinc (ed.)</subfield></datafield><datafield ind1=" " ind2=" " tag="260"><subfield code="a">Ljubljana, Yugoslavia</subfield><subfield code="b">J. Stefan Institut</subfield><subfield code="c">1972</subfield></datafield><datafield ind1=" " ind2=" " tag="300"><subfield code="a">V + 309 P</subfield></datafield><datafield ind1=" " ind2=" " tag="852"><subfield code="a">41442</subfield><subfield code="c">539.143.43</subfield></datafield><datafield ind1=" " ind2=" " tag="CAT"><subfield code="a">Sys</subfield><subfield code="c">20120509</subfield><subfield code="h">114403</subfield></datafield></record></collection>